@misc{AlbanyWeb,
  author =	 {Sandia National Laboratories},
  title =	 {\textsc{lcm}: Laboratory for COmputational
                  Mechanics},
  month =	 {Oct},
  year =	 2012,
  url =		 {https://github.com/sandialabs/Albany}
}

@misc{TrilinosWeb,
  author = {Sandia National Laboratories},
  title =	 {{The Trilinos Project}},
  url =		 {https://trilinos.github.io}
}

@misc{PhalanxWeb,
  author = {Sandia National Laboratories},
  year =	 2012,
  title =	 {{Phalanx}},
  url =		 {https://trilinos.github.io/phalanx.html}
}

@misc{SacadoWeb,
  author = {Sandia National Laboratories},
  year =	 2012,
  title =	 {{Sacado}},
  url =		 {https://trilinos.github.io/sacado.html}
}

@misc{IntrepidWeb,
  author = {Sandia National Laboratories},
  title =	 {{Intrepid2}},
  url =		 {https://trilinos.github.io/intrepid2.html}
}

@misc{ShardsWeb,
  author = {Sandia National Laboratories},
  year =	 2012,
  title =	 {{Shards}},
  url =		 {https://trilinos.github.io/shards.html}
}
